<?xml version="1.0" encoding="UTF-8"?>
<record>
  <leader>02045nam a2200373 c 4500</leader>
  <controlfield tag="003">DE-605</controlfield>
  <controlfield tag="005">20251008143546.0</controlfield>
  <controlfield tag="007">tu</controlfield>
  <controlfield tag="008">920415|1991    gw       c    ||| | ger c</controlfield>
  <controlfield tag="001">990016244510206441</controlfield>
  <datafield tag="016" ind1="7" ind2=" ">
    <subfield code="a">260193772</subfield>
    <subfield code="2">OCoLC</subfield>
  </datafield>
  <datafield tag="020" ind1=" " ind2=" ">
    <subfield code="a">3894660155</subfield>
    <subfield code="c">Pp. : DM 48.00</subfield>
    <subfield code="9">3-89466-015-5</subfield>
  </datafield>
  <datafield tag="035" ind1=" " ind2=" ">
    <subfield code="a">(DE-605)HT004173290</subfield>
  </datafield>
  <datafield tag="040" ind1=" " ind2=" ">
    <subfield code="a">292</subfield>
    <subfield code="b">ger</subfield>
    <subfield code="c">DE-605</subfield>
    <subfield code="d">Kn 3</subfield>
    <subfield code="d">DE-605</subfield>
    <subfield code="e">rda</subfield>
  </datafield>
  <datafield tag="041" ind1=" " ind2=" ">
    <subfield code="a">ger</subfield>
    <subfield code="a">eng</subfield>
  </datafield>
  <datafield tag="044" ind1=" " ind2=" ">
    <subfield code="c">XA-DE</subfield>
  </datafield>
  <datafield tag="245" ind1="0" ind2="0">
    <subfield code="a">Holographische Visionen</subfield>
    <subfield code="b">Bilder durch Licht zum Leben erweckt ; eine Ausstellung des Museums für Holographie &amp; Neue Visuelle Medien, Pulheim, in den Räumen des Kölner Gürzenich vom 5. Juli bis 15. August 1991</subfield>
  </datafield>
  <datafield tag="264" ind1=" " ind2="1">
    <subfield code="a">Heidelberg</subfield>
    <subfield code="b">Braus</subfield>
    <subfield code="c">1991</subfield>
  </datafield>
  <datafield tag="300" ind1=" " ind2=" ">
    <subfield code="a">116 Seiten</subfield>
    <subfield code="b">Illustrationen</subfield>
  </datafield>
  <datafield tag="361" ind1="1" ind2=" ">
    <subfield code="5">DE-38</subfield>
    <subfield code="s">19L4437</subfield>
    <subfield code="o">Vorbesitz</subfield>
    <subfield code="a">Wilhelm, Jürgen</subfield>
    <subfield code="0">(DE-588)124122558</subfield>
    <subfield code="z">Details: hs. Besitzvermerk "Für Brigitte und Jürgen Wilhelm sehr herzlich von L. Fritz Gruber September 1991"</subfield>
  </datafield>
  <datafield tag="361" ind1="1" ind2=" ">
    <subfield code="5">DE-38</subfield>
    <subfield code="s">19L4437</subfield>
    <subfield code="o">Vorbesitz</subfield>
    <subfield code="a">Wilhelm, Brigitte</subfield>
    <subfield code="z">Details: hs. Besitzvermerk "Für Brigitte und Jürgen Wilhelm sehr herzlich von L. Fritz Gruber September 1991"</subfield>
  </datafield>
  <datafield tag="361" ind1="1" ind2=" ">
    <subfield code="5">DE-38</subfield>
    <subfield code="s">19L4437</subfield>
    <subfield code="o">Vorbesitz</subfield>
    <subfield code="z">Details: hs. Besitzvermerk "Für Brigitte und Jürgen Wilhelm sehr herzlich von L. Fritz Gruber September 1991"</subfield>
  </datafield>
  <datafield tag="689" ind1="0" ind2="0">
    <subfield code="a">Hologramm</subfield>
    <subfield code="D">s</subfield>
    <subfield code="0">(DE-588)4120460-8</subfield>
    <subfield code="B">GND-041204603</subfield>
  </datafield>
  <datafield tag="035" ind1=" " ind2=" ">
    <subfield code="a">(OCoLC)260193772</subfield>
  </datafield>
  <datafield tag="035" ind1=" " ind2=" ">
    <subfield code="a">(DE-599)HBZHT004173290</subfield>
  </datafield>
  <datafield tag="960" ind1="1" ind2=" ">
    <subfield code="n">NWBib-61</subfield>
  </datafield>
  <datafield tag="964" ind1="0" ind2="s">
    <subfield code="F">051</subfield>
    <subfield code="A">mc||||||</subfield>
  </datafield>
  <datafield tag="964" ind1="0" ind2="s">
    <subfield code="F">030</subfield>
    <subfield code="A">a|1uc||||||37</subfield>
  </datafield>
  <datafield tag="964" ind1="0" ind2="s">
    <subfield code="F">050</subfield>
    <subfield code="A">a|||||||||||||</subfield>
  </datafield>
  <datafield tag="700" ind1="1" ind2=" ">
    <subfield code="a">Mißelbeck, Reinhold</subfield>
    <subfield code="d">1948-2001</subfield>
    <subfield code="0">(DE-588)12105053X</subfield>
    <subfield code="4">edt</subfield>
    <subfield code="0">https://d-nb.info/gnd/12105053X</subfield>
    <subfield code="0">http://viaf.org/viaf/37039431</subfield>
    <subfield code="B">GND-12105053X</subfield>
  </datafield>
  <datafield tag="710" ind1="2" ind2=" ">
    <subfield code="a">Museum für Holographie und Neue Visuelle Medien</subfield>
    <subfield code="g">Pulheim</subfield>
    <subfield code="0">(DE-588)1090804-3</subfield>
    <subfield code="4">oth</subfield>
    <subfield code="0">https://d-nb.info/gnd/004419014</subfield>
    <subfield code="0">http://viaf.org/viaf/131989507</subfield>
    <subfield code="B">GND-004419014</subfield>
  </datafield>
  <datafield tag="711" ind1="2" ind2=" ">
    <subfield code="a">Ausstellung Holographische Visionen</subfield>
    <subfield code="d">1991</subfield>
    <subfield code="c">Köln</subfield>
    <subfield code="0">(DE-588)2121007-X</subfield>
    <subfield code="4">oth</subfield>
    <subfield code="0">https://d-nb.info/gnd/007682387</subfield>
    <subfield code="0">http://viaf.org/viaf/136721323</subfield>
    <subfield code="B">GND-007682387</subfield>
  </datafield>
  <datafield tag="655" ind1=" " ind2="7">
    <subfield code="a">Ausstellungskatalog</subfield>
    <subfield code="x">Museum für Holographie &amp; Neue Visuelle Medien</subfield>
    <subfield code="y">05.07.1991-15.08.1991</subfield>
    <subfield code="z">Pulheim, in den Räumen des Kölner Gürzenich</subfield>
    <subfield code="0">(DE-588)4135467-9</subfield>
    <subfield code="2">gnd-content</subfield>
  </datafield>
  <datafield tag="500" ind1=" " ind2=" ">
    <subfield code="a">Ausstellungskatalog</subfield>
    <subfield code="9">F:517</subfield>
  </datafield>
  <datafield tag="MBD" ind1=" " ind2=" ">
    <subfield code="M">49HBZ_NETWORK</subfield>
    <subfield code="i">990016244510206441</subfield>
    <subfield code="n">HBZ Network</subfield>
  </datafield>
  <datafield tag="MBD" ind1=" " ind2=" ">
    <subfield code="M">49HBZ_BRIDGE_FIZ</subfield>
    <subfield code="i">9927346107816</subfield>
    <subfield code="n">Bibliotheken ohne zentrale Katalogisierung</subfield>
  </datafield>
  <datafield tag="MBD" ind1=" " ind2=" ">
    <subfield code="M">49HBZ_FHM</subfield>
    <subfield code="i">991000856589706485</subfield>
    <subfield code="n">FH / KA Münster</subfield>
  </datafield>
  <datafield tag="MBD" ind1=" " ind2=" ">
    <subfield code="M">49HBZ_UBA</subfield>
    <subfield code="i">991012802149706448</subfield>
    <subfield code="n">RWTH Aachen</subfield>
  </datafield>
  <datafield tag="MBD" ind1=" " ind2=" ">
    <subfield code="M">49HBZ_UBD</subfield>
    <subfield code="i">991010457489706445</subfield>
    <subfield code="n">Technische Universität Dortmund</subfield>
  </datafield>
  <datafield tag="MBD" ind1=" " ind2=" ">
    <subfield code="M">49HBZ_ULB</subfield>
    <subfield code="i">991044009039706467</subfield>
    <subfield code="n">Universitaet Bonn</subfield>
  </datafield>
  <datafield tag="MBD" ind1=" " ind2=" ">
    <subfield code="M">49HBZ_DUE</subfield>
    <subfield code="i">990036855630206443</subfield>
    <subfield code="n">Universität Düsseldorf</subfield>
  </datafield>
  <datafield tag="MBD" ind1=" " ind2=" ">
    <subfield code="M">49HBZ_UBK</subfield>
    <subfield code="i">991011852569706476</subfield>
    <subfield code="n">Universität Köln</subfield>
  </datafield>
  <datafield tag="MNG" ind1=" " ind2=" ">
    <subfield code="c">System</subfield>
    <subfield code="f">OTHER</subfield>
    <subfield code="i">marc21</subfield>
    <subfield code="h">20251008143546.0</subfield>
    <subfield code="l">62</subfield>
    <subfield code="k">01</subfield>
    <subfield code="e">false</subfield>
    <subfield code="d">2025-10-16 04:07:56 Europe/Berlin</subfield>
    <subfield code="g">001624451-HBZ01</subfield>
    <subfield code="j">60</subfield>
    <subfield code="a">import</subfield>
    <subfield code="b">2021-04-06 01:24:53 Europe/Berlin</subfield>
  </datafield>
  <datafield tag="H52" ind1="0" ind2=" ">
    <subfield code="b">Z9031</subfield>
    <subfield code="c">UNASSIGNED</subfield>
    <subfield code="8">22110427740007816</subfield>
  </datafield>
  <datafield tag="HOL" ind1=" " ind2=" ">
    <subfield code="d">2024-05-09 11:46:04</subfield>
    <subfield code="8">22110427740007816</subfield>
    <subfield code="b">2024-05-09 11:46:04</subfield>
    <subfield code="M">49HBZ_BRIDGE_FIZ</subfield>
    <subfield code="g">false</subfield>
    <subfield code="a">System</subfield>
    <subfield code="c">System</subfield>
  </datafield>
  <datafield tag="H35" ind1=" " ind2=" ">
    <subfield code="a">(DE-836)223640648-49hbz_fhm</subfield>
    <subfield code="8">2233044260006485</subfield>
  </datafield>
  <datafield tag="H52" ind1="8" ind2=" ">
    <subfield code="b">FHML</subfield>
    <subfield code="c">Freihand_L</subfield>
    <subfield code="h">KDZ 30</subfield>
    <subfield code="8">2233044260006485</subfield>
  </datafield>
  <datafield tag="HOL" ind1=" " ind2=" ">
    <subfield code="d">2023-08-18 11:01:03</subfield>
    <subfield code="8">2233044260006485</subfield>
    <subfield code="b">2022-06-27 10:19:18</subfield>
    <subfield code="M">49HBZ_FHM</subfield>
    <subfield code="g">false</subfield>
    <subfield code="a">import</subfield>
    <subfield code="c">System</subfield>
  </datafield>
  <datafield tag="ITM" ind1=" " ind2=" ">
    <subfield code="H">2233044260006485</subfield>
    <subfield code="x">Freihand_L</subfield>
    <subfield code="f">BOOK</subfield>
    <subfield code="v">Freihand_L</subfield>
    <subfield code="p">ZZZ</subfield>
    <subfield code="X">System</subfield>
    <subfield code="U">2016-12-09 11:59:00 Europe/Berlin</subfield>
    <subfield code="Y">2023-01-25 14:36:05 Europe/Berlin</subfield>
    <subfield code="h">false</subfield>
    <subfield code="n">KDZ 30</subfield>
    <subfield code="P">Fachbereich: MSD</subfield>
    <subfield code="M">49HBZ_FHM</subfield>
    <subfield code="s">1</subfield>
    <subfield code="d">8</subfield>
    <subfield code="V">import</subfield>
    <subfield code="b">0121299</subfield>
    <subfield code="a">2333044250006485</subfield>
    <subfield code="t">8</subfield>
    <subfield code="c">KDZ 30</subfield>
    <subfield code="D">20200707</subfield>
    <subfield code="W">2016-12-09 01:00:00 Europe/Berlin</subfield>
    <subfield code="u">FHML</subfield>
    <subfield code="w">FHML</subfield>
  </datafield>
  <datafield tag="H52" ind1="8" ind2=" ">
    <subfield code="b">ZB</subfield>
    <subfield code="c">MAGAZIN_2</subfield>
    <subfield code="8">22255703410006448</subfield>
  </datafield>
  <datafield tag="HOL" ind1=" " ind2=" ">
    <subfield code="b">2022-07-20 22:47:52</subfield>
    <subfield code="8">22255703410006448</subfield>
    <subfield code="M">49HBZ_UBA</subfield>
    <subfield code="g">false</subfield>
    <subfield code="a">import</subfield>
  </datafield>
  <datafield tag="ITM" ind1=" " ind2=" ">
    <subfield code="H">22255703410006448</subfield>
    <subfield code="x">MAGAZIN_2</subfield>
    <subfield code="f">BOOK</subfield>
    <subfield code="v">MAGAZIN_2</subfield>
    <subfield code="p">Standard</subfield>
    <subfield code="X">System</subfield>
    <subfield code="U">2022-07-20 12:59:00 Europe/Berlin</subfield>
    <subfield code="Y">2022-07-21 00:48:24 Europe/Berlin</subfield>
    <subfield code="h">false</subfield>
    <subfield code="n">GA8282</subfield>
    <subfield code="G">1</subfield>
    <subfield code="M">49HBZ_UBA</subfield>
    <subfield code="s">1</subfield>
    <subfield code="d">8</subfield>
    <subfield code="V">import</subfield>
    <subfield code="L">Magazinetage: 0</subfield>
    <subfield code="b">GA8282</subfield>
    <subfield code="O">Ausleihzähler Migrationsjahr: 0 | Ausleihzähler Vor-Migrationsjahr: 0 | Ausleihzähler vorletztes Migrationsjahr: 0 | Vormerkzähler Migrationsjahr: 0 | vorletztes Rückgabedatum: 2000-09-29</subfield>
    <subfield code="N">Fernleihkonditionen: 0</subfield>
    <subfield code="a">23255703400006448</subfield>
    <subfield code="t">8</subfield>
    <subfield code="W">2022-07-21 00:47:52 Europe/Berlin</subfield>
    <subfield code="u">ZB</subfield>
    <subfield code="w">ZB</subfield>
  </datafield>
  <datafield tag="H52" ind1="#" ind2=" ">
    <subfield code="b">SM</subfield>
    <subfield code="c">Magazin</subfield>
    <subfield code="8">22188488390006445</subfield>
  </datafield>
  <datafield tag="HOL" ind1=" " ind2=" ">
    <subfield code="d">2023-10-30 18:12:58</subfield>
    <subfield code="8">22188488390006445</subfield>
    <subfield code="b">2021-04-19 15:10:21</subfield>
    <subfield code="M">49HBZ_UBD</subfield>
    <subfield code="g">false</subfield>
    <subfield code="a">import</subfield>
    <subfield code="c">System</subfield>
  </datafield>
  <datafield tag="ITM" ind1=" " ind2=" ">
    <subfield code="H">22188488390006445</subfield>
    <subfield code="x">Magazin</subfield>
    <subfield code="f">BOOK</subfield>
    <subfield code="v">Magazin</subfield>
    <subfield code="X">API, ITMC | Bibs, Users, Configuration</subfield>
    <subfield code="U">2021-04-19 14:00:00 Europe/Berlin</subfield>
    <subfield code="Y">2025-03-31 14:42:47 Europe/Berlin</subfield>
    <subfield code="E">002001896967 28-10-7-2</subfield>
    <subfield code="h">false</subfield>
    <subfield code="n">Y 15401</subfield>
    <subfield code="G">1</subfield>
    <subfield code="M">49HBZ_UBD</subfield>
    <subfield code="s">1</subfield>
    <subfield code="d">#</subfield>
    <subfield code="V">import</subfield>
    <subfield code="L">ClassificationNo: 2700 | SISIS-Magazindrucker: 0 | HBZ01: HT004173290 | Fernleihkonditionen: 0 | Sigel: 290 | Klassifikation: 2700 | Altersbegrenzung: 0 | SISIS-Ausleihzähler Migrationsjahr: 0 | SISIS-Ausleihzähler Vor-Migrationsjahr: 0 | SISIS-Ausleihzähler vorletztes Migrationsjahr: 0 | SISIS-Vormerkzähler Migrationsjahr: 0 | SISIS-vorletztes Rückgabedatum: 2009-05-14</subfield>
    <subfield code="b">1347102</subfield>
    <subfield code="a">23188488380006445</subfield>
    <subfield code="W">2021-04-19 17:10:21 Europe/Berlin</subfield>
    <subfield code="u">SM</subfield>
    <subfield code="w">SM</subfield>
  </datafield>
  <datafield tag="H52" ind1="#" ind2=" ">
    <subfield code="b">KU</subfield>
    <subfield code="c">KU-Frei</subfield>
    <subfield code="h">X 205/716</subfield>
    <subfield code="8">22230900580006467</subfield>
  </datafield>
  <datafield tag="HOL" ind1=" " ind2=" ">
    <subfield code="b">2023-07-24 07:12:33</subfield>
    <subfield code="8">22230900580006467</subfield>
    <subfield code="M">49HBZ_ULB</subfield>
    <subfield code="g">false</subfield>
    <subfield code="a">import</subfield>
  </datafield>
  <datafield tag="ITM" ind1=" " ind2=" ">
    <subfield code="H">22230900580006467</subfield>
    <subfield code="x">KU-Frei</subfield>
    <subfield code="f">BOOK</subfield>
    <subfield code="v">KU-Frei</subfield>
    <subfield code="X">AMO_TL2_FIX</subfield>
    <subfield code="U">2023-07-23 12:59:00 Europe/Berlin</subfield>
    <subfield code="Y">2023-07-25 08:01:39 Europe/Berlin</subfield>
    <subfield code="h">false</subfield>
    <subfield code="n">X 205/716</subfield>
    <subfield code="G">1</subfield>
    <subfield code="M">49HBZ_ULB</subfield>
    <subfield code="s">1</subfield>
    <subfield code="d">#</subfield>
    <subfield code="V">import</subfield>
    <subfield code="L">FBInvNr.: 98/99641</subfield>
    <subfield code="b">KU-009449</subfield>
    <subfield code="O">SISIS-Ausleihzähler Migrationsjahr: 0 | SISIS-Ausleihzähler Vor-Migrationsjahr: 0 | SISIS-Ausleihzähler vorletztes Migrationsjahr: 0 | SISIS-Vormerkzähler Migrationsjahr: 0 | SISIS-Buchdaten-Aufnahmedatum: 2006-04-03</subfield>
    <subfield code="N">SISIS-ULBSystematik: 0 | SISIS-Magazindrucker: 0 | SISIS-Fernleihkonditionen: 3 | SISIS-Medientyp: 0 | Sigel: 5/7 | SISIS-Entleihbarkeit: X | SISIS-Zweigstelle: 58</subfield>
    <subfield code="a">23230900570006467</subfield>
    <subfield code="c">X 205/716</subfield>
    <subfield code="W">2023-07-24 09:12:33 Europe/Berlin</subfield>
    <subfield code="u">KU</subfield>
    <subfield code="w">KU</subfield>
  </datafield>
  <datafield tag="H52" ind1="8" ind2=" ">
    <subfield code="b">X0001</subfield>
    <subfield code="c">00</subfield>
    <subfield code="h">slg210/2112</subfield>
    <subfield code="8">22314565900006443</subfield>
  </datafield>
  <datafield tag="HOL" ind1=" " ind2=" ">
    <subfield code="b">2021-04-01 12:58:45</subfield>
    <subfield code="8">22314565900006443</subfield>
    <subfield code="M">49HBZ_DUE</subfield>
    <subfield code="g">false</subfield>
    <subfield code="a">import</subfield>
  </datafield>
  <datafield tag="ITM" ind1=" " ind2=" ">
    <subfield code="H">22314565900006443</subfield>
    <subfield code="x">00</subfield>
    <subfield code="f">BOOK</subfield>
    <subfield code="v">00</subfield>
    <subfield code="p">11</subfield>
    <subfield code="X">System</subfield>
    <subfield code="U">2016-03-08 11:59:00 Europe/Berlin</subfield>
    <subfield code="Y">2021-04-01 14:59:28 Europe/Berlin</subfield>
    <subfield code="h">false</subfield>
    <subfield code="P">17/d/r/1</subfield>
    <subfield code="M">49HBZ_DUE</subfield>
    <subfield code="s">1</subfield>
    <subfield code="d">8</subfield>
    <subfield code="V">import</subfield>
    <subfield code="L">Sammlung Peters</subfield>
    <subfield code="b">138374301</subfield>
    <subfield code="a">23314565890006443</subfield>
    <subfield code="c">slg210/2112</subfield>
    <subfield code="B">G2016/1268</subfield>
    <subfield code="D">20160308</subfield>
    <subfield code="W">2016-03-08 01:00:00 Europe/Berlin</subfield>
    <subfield code="u">X0001</subfield>
    <subfield code="w">X0001</subfield>
  </datafield>
  <datafield tag="H52" ind1=" " ind2=" ">
    <subfield code="b">KN3</subfield>
    <subfield code="c">KN3-KKAT</subfield>
    <subfield code="8">22255130010006476</subfield>
  </datafield>
  <datafield tag="HOL" ind1=" " ind2=" ">
    <subfield code="b">2023-08-22 13:14:24</subfield>
    <subfield code="8">22255130010006476</subfield>
    <subfield code="M">49HBZ_UBK</subfield>
    <subfield code="g">false</subfield>
    <subfield code="a">import</subfield>
  </datafield>
  <datafield tag="H52" ind1=" " ind2=" ">
    <subfield code="b">KN3</subfield>
    <subfield code="c">KN3-FOTO</subfield>
    <subfield code="8">22255130030006476</subfield>
  </datafield>
  <datafield tag="HOL" ind1=" " ind2=" ">
    <subfield code="b">2023-08-22 13:14:24</subfield>
    <subfield code="8">22255130030006476</subfield>
    <subfield code="M">49HBZ_UBK</subfield>
    <subfield code="g">false</subfield>
    <subfield code="a">import</subfield>
  </datafield>
  <datafield tag="H52" ind1=" " ind2=" ">
    <subfield code="b">38</subfield>
    <subfield code="c">38-MAG</subfield>
    <subfield code="8">22255130050006476</subfield>
  </datafield>
  <datafield tag="HOL" ind1=" " ind2=" ">
    <subfield code="b">2023-08-22 13:14:24</subfield>
    <subfield code="8">22255130050006476</subfield>
    <subfield code="M">49HBZ_UBK</subfield>
    <subfield code="g">false</subfield>
    <subfield code="a">import</subfield>
  </datafield>
  <datafield tag="ITM" ind1=" " ind2=" ">
    <subfield code="H">22255130010006476</subfield>
    <subfield code="x">KN3-KKAT</subfield>
    <subfield code="f">BOOK</subfield>
    <subfield code="v">KN3-KKAT</subfield>
    <subfield code="p">X</subfield>
    <subfield code="X">AMO_HBZ_FIX</subfield>
    <subfield code="U">2023-08-21 12:59:00 Europe/Berlin</subfield>
    <subfield code="Y">2023-08-24 04:52:25 Europe/Berlin</subfield>
    <subfield code="h">false</subfield>
    <subfield code="n">KMB/!YG KÖLN 9  1991 G</subfield>
    <subfield code="G">1</subfield>
    <subfield code="M">49HBZ_UBK</subfield>
    <subfield code="s">1</subfield>
    <subfield code="d">#</subfield>
    <subfield code="V">import</subfield>
    <subfield code="L">Materialart: BOOK;Exemplar: 1. Ex.;Format: Quart;Änderungsdatum: 08.07.1993;Abrufzeichen: BK</subfield>
    <subfield code="b">KMB/1992.2083</subfield>
    <subfield code="O">HBZ01: HT004173290 | Aufnahmedatum: 2017-01-24 | Klassifikation: 0</subfield>
    <subfield code="a">23255130000006476</subfield>
    <subfield code="B">1992-2083</subfield>
    <subfield code="W">2023-08-22 15:14:24 Europe/Berlin</subfield>
    <subfield code="u">KN3</subfield>
    <subfield code="w">KN3</subfield>
  </datafield>
  <datafield tag="ITM" ind1=" " ind2=" ">
    <subfield code="H">22255130030006476</subfield>
    <subfield code="x">KN3-FOTO</subfield>
    <subfield code="f">BOOK</subfield>
    <subfield code="v">KN3-FOTO</subfield>
    <subfield code="p">X</subfield>
    <subfield code="X">AMO_HBZ_FIX</subfield>
    <subfield code="U">2023-08-21 12:59:00 Europe/Berlin</subfield>
    <subfield code="Y">2023-08-24 04:52:25 Europe/Berlin</subfield>
    <subfield code="h">false</subfield>
    <subfield code="n">KMB/+YG KÖLN 9  1991 G</subfield>
    <subfield code="G">1</subfield>
    <subfield code="M">49HBZ_UBK</subfield>
    <subfield code="s">1</subfield>
    <subfield code="d">#</subfield>
    <subfield code="V">import</subfield>
    <subfield code="L">Materialart: BOOK;Exemplar: 3. Ex.;Format: Quart;Änderungsdatum: 04.04.2005;Abrufzeichen: MK</subfield>
    <subfield code="b">KMB/G2005.501</subfield>
    <subfield code="O">HBZ01: HT004173290 | Aufnahmedatum: 2017-01-24 | Klassifikation: 0</subfield>
    <subfield code="a">23255130020006476</subfield>
    <subfield code="B">G2005-501</subfield>
    <subfield code="W">2023-08-22 15:14:24 Europe/Berlin</subfield>
    <subfield code="u">KN3</subfield>
    <subfield code="w">KN3</subfield>
  </datafield>
  <datafield tag="ITM" ind1=" " ind2=" ">
    <subfield code="H">22255130050006476</subfield>
    <subfield code="x">38-MAG</subfield>
    <subfield code="f">BOOK</subfield>
    <subfield code="v">38-MAG</subfield>
    <subfield code="p">A</subfield>
    <subfield code="X">AMO_HBZ_FIX</subfield>
    <subfield code="U">2023-08-21 12:59:00 Europe/Berlin</subfield>
    <subfield code="Y">2023-08-24 04:52:25 Europe/Berlin</subfield>
    <subfield code="h">false</subfield>
    <subfield code="n">11L6147</subfield>
    <subfield code="G">1</subfield>
    <subfield code="M">49HBZ_UBK</subfield>
    <subfield code="s">1</subfield>
    <subfield code="d">#</subfield>
    <subfield code="V">import</subfield>
    <subfield code="b">11L6147</subfield>
    <subfield code="O">HBZ01: HT004173290 | Klassifikation: 19</subfield>
    <subfield code="a">23255130040006476</subfield>
    <subfield code="W">2023-08-22 15:14:24 Europe/Berlin</subfield>
    <subfield code="u">38</subfield>
    <subfield code="w">38</subfield>
  </datafield>
  <datafield tag="ITM" ind1=" " ind2=" ">
    <subfield code="H">22255130050006476</subfield>
    <subfield code="x">38-MAG</subfield>
    <subfield code="f">BOOK</subfield>
    <subfield code="v">38-MAG</subfield>
    <subfield code="p">A</subfield>
    <subfield code="X">38Rahimi</subfield>
    <subfield code="Y">2025-09-11 11:10:39 Europe/Berlin</subfield>
    <subfield code="h">true</subfield>
    <subfield code="e">19L4437</subfield>
    <subfield code="n">19L4437</subfield>
    <subfield code="M">49HBZ_UBK</subfield>
    <subfield code="s">1</subfield>
    <subfield code="d">#</subfield>
    <subfield code="V">38luescher</subfield>
    <subfield code="b">19L4437</subfield>
    <subfield code="a">23385592950006476</subfield>
    <subfield code="W">2025-08-27 13:44:04 Europe/Berlin</subfield>
    <subfield code="u">38</subfield>
    <subfield code="w">38</subfield>
  </datafield>
  <datafield tag="ITM" ind1=" " ind2=" ">
    <subfield code="H">22255130010006476</subfield>
    <subfield code="x">KN3-KKAT</subfield>
    <subfield code="f">BOOK</subfield>
    <subfield code="v">KN3-KKAT</subfield>
    <subfield code="p">X</subfield>
    <subfield code="X">AMO_HBZ_FIX</subfield>
    <subfield code="U">2023-08-21 12:59:00 Europe/Berlin</subfield>
    <subfield code="Y">2023-08-24 04:52:25 Europe/Berlin</subfield>
    <subfield code="h">false</subfield>
    <subfield code="n">KMB/!YG KÖLN 9  1991 G</subfield>
    <subfield code="G">1</subfield>
    <subfield code="M">49HBZ_UBK</subfield>
    <subfield code="s">1</subfield>
    <subfield code="d">#</subfield>
    <subfield code="V">import</subfield>
    <subfield code="L">Materialart: BOOK;Exemplar: 2. Ex.;Format: Quart;Änderungsdatum: 03.06.2004;Abrufzeichen: MK</subfield>
    <subfield code="b">KMB/G2003.3522</subfield>
    <subfield code="O">HBZ01: HT004173290 | Aufnahmedatum: 2017-01-24 | Klassifikation: 0</subfield>
    <subfield code="a">23255129990006476</subfield>
    <subfield code="B">G2003-3522</subfield>
    <subfield code="W">2023-08-22 15:14:24 Europe/Berlin</subfield>
    <subfield code="u">KN3</subfield>
    <subfield code="w">KN3</subfield>
  </datafield>
  <datafield tag="GPN" ind1="1" ind2=" ">
    <subfield code="a">Misselbeck, Reinhold</subfield>
    <subfield code="d">1948-2001</subfield>
    <subfield code="A">GND</subfield>
    <subfield code="B">GND-12105053X</subfield>
    <subfield code="C">400</subfield>
  </datafield>
  <datafield tag="GSI" ind1="7" ind2=" ">
    <subfield code="a">12105053X</subfield>
    <subfield code="0">http://d-nb.info/gnd/12105053X</subfield>
    <subfield code="2">gnd</subfield>
    <subfield code="A">GND</subfield>
    <subfield code="B">GND-12105053X</subfield>
    <subfield code="C">024</subfield>
  </datafield>
  <datafield tag="GSI" ind1="7" ind2=" ">
    <subfield code="a">4120460-8</subfield>
    <subfield code="0">http://d-nb.info/gnd/4120460-8</subfield>
    <subfield code="2">gnd</subfield>
    <subfield code="A">GND</subfield>
    <subfield code="B">GND-041204603</subfield>
    <subfield code="C">024</subfield>
  </datafield>
  <datafield tag="GKS" ind1="2" ind2=" ">
    <subfield code="a">Holographische Visionen</subfield>
    <subfield code="d">1991</subfield>
    <subfield code="c">Köln</subfield>
    <subfield code="A">GND</subfield>
    <subfield code="B">GND-007682387</subfield>
    <subfield code="C">411</subfield>
  </datafield>
  <datafield tag="GKS" ind1="2" ind2=" ">
    <subfield code="a">Holograph Visions</subfield>
    <subfield code="d">1991</subfield>
    <subfield code="c">Köln</subfield>
    <subfield code="A">GND</subfield>
    <subfield code="B">GND-007682387</subfield>
    <subfield code="C">411</subfield>
  </datafield>
  <datafield tag="GSI" ind1="7" ind2=" ">
    <subfield code="a">http://d-nb.info/gnd/2121007-X</subfield>
    <subfield code="2">uri</subfield>
    <subfield code="A">GND</subfield>
    <subfield code="B">GND-007682387</subfield>
    <subfield code="C">024</subfield>
  </datafield>
  <datafield tag="GKT" ind1="2" ind2=" ">
    <subfield code="a">Museum für Holographie &amp; Neue Visuelle Medien</subfield>
    <subfield code="g">Pulheim</subfield>
    <subfield code="A">GND</subfield>
    <subfield code="B">GND-004419014</subfield>
    <subfield code="C">410</subfield>
  </datafield>
  <datafield tag="GSI" ind1="7" ind2=" ">
    <subfield code="a">http://d-nb.info/gnd/1090804-3</subfield>
    <subfield code="2">uri</subfield>
    <subfield code="A">GND</subfield>
    <subfield code="B">GND-004419014</subfield>
    <subfield code="C">024</subfield>
  </datafield>
</record>
